

@inproceedings{DBLP:conf/popl/TovP11,
  author    = {Jesse A. Tov and
               Riccardo Pucella},
  editor    = {Thomas Ball and
               Mooly Sagiv},
  title     = {Practical affine types},
  booktitle = {Proceedings of the 38th {ACM} {SIGPLAN-SIGACT} Symposium on Principles
               of Programming Languages, {POPL} 2011, Austin, TX, USA, January 26-28,
               2011},
  pages     = {447--458},
  publisher = {{ACM}},
  year      = {2011},
  url       = {http://doi.acm.org/10.1145/1926385.1926436},
  doi       = {10.1145/1926385.1926436},
  timestamp = {Tue, 22 May 2012 15:24:56 +0200},
  biburl    = {https://dblp.org/rec/bib/conf/popl/TovP11},
  bibsource = {dblp computer science bibliography, https://dblp.org}
}



@inproceedings{DBLP:conf/icfp/Morris16,
  author    = {J. Garrett Morris},
  editor    = {Jacques Garrigue and
               Gabriele Keller and
               Eijiro Sumii},
  title     = {The best of both worlds: linear functional programming without compromise},
  booktitle = {Proceedings of the 21st {ACM} {SIGPLAN} International Conference on
               Functional Programming, {ICFP} 2016, Nara, Japan, September 18-22,
               2016},
  pages     = {448--461},
  publisher = {{ACM}},
  year      = {2016},
  url       = {http://doi.acm.org/10.1145/2951913.2951925},
  doi       = {10.1145/2951913.2951925},
  timestamp = {Thu, 15 Jun 2017 21:35:31 +0200},
  biburl    = {https://dblp.org/rec/bib/conf/icfp/Morris16},
  bibsource = {dblp computer science bibliography, https://dblp.org}
}



@inproceedings{DBLP:conf/tldi/MazurakZZ10,
  author    = {Karl Mazurak and
               Jianzhou Zhao and
               Steve Zdancewic},
  editor    = {Andrew Kennedy and
               Nick Benton},
  title     = {Lightweight linear types in system fdegree},
  booktitle = {Proceedings of {TLDI} 2010: 2010 {ACM} {SIGPLAN} International Workshop
               on Types in Languages Design and Implementation, Madrid, Spain, January
               23, 2010},
  pages     = {77--88},
  publisher = {{ACM}},
  year      = {2010},
  url       = {http://doi.acm.org/10.1145/1708016.1708027},
  doi       = {10.1145/1708016.1708027},
  timestamp = {Tue, 22 May 2012 15:24:55 +0200},
  biburl    = {https://dblp.org/rec/bib/conf/tldi/MazurakZZ10},
  bibsource = {dblp computer science bibliography, https://dblp.org}
}



@article{DBLP:journals/pacmpl/BernardyBNJS18,
  author    = {Jean{-}Philippe Bernardy and
               Mathieu Boespflug and
               Ryan R. Newton and
               Simon {Peyton Jones} and
               Arnaud Spiwack},
  title     = {Linear Haskell: practical linearity in a higher-order polymorphic
               language},
  journal   = {{PACMPL}},
  volume    = {2},
  number    = {{POPL}},
  pages     = {5:1--5:29},
  year      = {2018},
  url       = {http://doi.acm.org/10.1145/3158093},
  doi       = {10.1145/3158093},
  timestamp = {Fri, 05 Jan 2018 12:57:30 +0100},
  biburl    = {https://dblp.org/rec/bib/journals/pacmpl/BernardyBNJS18},
  bibsource = {dblp computer science bibliography, https://dblp.org}
}



@article{DBLP:journals/tapos/OderskySW99,
  author    = {Martin Odersky and
               Martin Sulzmann and
               Martin Wehr},
  title     = {Type Inference with Constrained Types},
  journal   = {{TAPOS}},
  volume    = {5},
  number    = {1},
  pages     = {35--55},
  year      = {1999},
  timestamp = {Thu, 03 Jan 2002 12:26:57 +0100},
  biburl    = {https://dblp.org/rec/bib/journals/tapos/OderskySW99},
  bibsource = {dblp computer science bibliography, https://dblp.org}
}



@article{DBLP:journals/toplas/SimonetP07,
  author    = {Vincent Simonet and
               Fran{\c{c}}ois Pottier},
  title     = {A constraint-based approach to guarded algebraic data types},
  journal   = {{ACM} Trans. Program. Lang. Syst.},
  volume    = {29},
  number    = {1},
  pages     = {1},
  year      = {2007},
  url       = {http://doi.acm.org/10.1145/1180475.1180476},
  doi       = {10.1145/1180475.1180476},
  timestamp = {Fri, 06 Jan 2017 11:44:59 +0100},
  biburl    = {https://dblp.org/rec/bib/journals/toplas/SimonetP07},
  bibsource = {dblp computer science bibliography, https://dblp.org}
}


@inproceedings{DBLP:conf/popl/PottierS02,
  author    = {Fran{\c{c}}ois Pottier and
               Vincent Simonet},
  editor    = {John Launchbury and
               John C. Mitchell},
  title     = {Information flow inference for {ML}},
  booktitle = {Conference Record of {POPL} 2002: The 29th {SIGPLAN-SIGACT} Symposium
               on Principles of Programming Languages, Portland, OR, USA, January
               16-18, 2002},
  pages     = {319--330},
  publisher = {{ACM}},
  year      = {2002},
  url       = {http://doi.acm.org/10.1145/503272.503302},
  doi       = {10.1145/503272.503302},
  timestamp = {Mon, 18 Mar 2013 08:38:35 +0100},
  biburl    = {https://dblp.org/rec/bib/conf/popl/PottierS02},
  bibsource = {dblp computer science bibliography, https://dblp.org}
}


@inproceedings{DBLP:conf/icfp/Simonet03,
  author    = {Vincent Simonet},
  editor    = {Colin Runciman and
               Olin Shivers},
  title     = {An extension of {HM(X)} with bounded existential and universal data-types},
  booktitle = {Proceedings of the Eighth {ACM} {SIGPLAN} International Conference
               on Functional Programming, {ICFP} 2003, Uppsala, Sweden, August 25-29,
               2003},
  pages     = {39--50},
  publisher = {{ACM}},
  year      = {2003},
  url       = {http://doi.acm.org/10.1145/944705.944710},
  doi       = {10.1145/944705.944710},
  timestamp = {Mon, 13 Feb 2006 15:41:18 +0100},
  biburl    = {https://dblp.org/rec/bib/conf/icfp/Simonet03},
  bibsource = {dblp computer science bibliography, https://dblp.org}
}




@inproceedings{DBLP:conf/sas/TrifonovS96,
  author    = {Valery Trifonov and
               Scott F. Smith},
  editor    = {Radhia Cousot and
               David A. Schmidt},
  title     = {Subtyping Constrained Types},
  booktitle = {Static Analysis, Third International Symposium, SAS'96, Aachen, Germany,
               September 24-26, 1996, Proceedings},
  series    = {Lecture Notes in Computer Science},
  volume    = {1145},
  pages     = {349--365},
  publisher = {Springer},
  year      = {1996},
  url       = {https://doi.org/10.1007/3-540-61739-6\_52},
  doi       = {10.1007/3-540-61739-6\_52},
  timestamp = {Thu, 21 Dec 2017 23:25:59 +0100},
  biburl    = {https://dblp.org/rec/bib/conf/sas/TrifonovS96},
  bibsource = {dblp computer science bibliography, https://dblp.org}
}



@article{DBLP:journals/entcs/SkalkaP02,
  author    = {Christian Skalka and
               Fran{\c{c}}ois Pottier},
  title     = {Syntactic Type Soundness for {HM(X)}},
  journal   = {Electr. Notes Theor. Comput. Sci.},
  volume    = {75},
  pages     = {61--74},
  year      = {2002},
  url       = {https://doi.org/10.1016/S1571-0661(04)80779-5},
  doi       = {10.1016/S1571-0661(04)80779-5},
  timestamp = {Sun, 28 May 2017 13:22:56 +0200},
  biburl    = {https://dblp.org/rec/bib/journals/entcs/SkalkaP02},
  bibsource = {dblp computer science bibliography, https://dblp.org}
}

